% !TeX spellcheck = ru_RU

@article{Holland1959,
  author  = {Holland, J. L.},
  title   = {A theory of vocational choice},
  journal = {Journal of Counseling Psychology},
  volume  = {6},
  number  = {1},
  pages   = {35--45},
  year    = {1959},
  doi     = {10.1037/h0040767}
}

@book{Rezapkina,
    author = {Резапкина Г. В.},
    title = {Психология и выбор профессии: программа предпрофильной подготовки},
    series = {Учебно–методическое пособие для психологов и педагогов},
    publisher={Генезис, М.},
    year = {2005},
    language = {russian}
}

@article{Presti,
    author = {Lo Presti, Alessandro and Capone, Vincenza and Aversano, Ada and Akkermans, Jos},
    year = {2021},
    title = {Career Competencies and Career Success: On the Roles of Employability Activities and Academic Satisfaction During the School-to-Work Transition},
    volume = {49},
    journal = {Journal of Career Development},
    doi = {10.1177/0894845321992536}
}

@article{Pordelan,
    author = {Pordelan, Nooshin and Hosseinian, Simin},
    year = {2020},
    pages = {1--21},
    title = {Design and development of the online career counselling: a tool for better career decision-making},
    volume = {41},
    journal = {Behaviour and Information Technology},
    doi = {10.1080/0144929X.2020.1795262}
}

@article{Westman,
    author = {Westman, S. and Kauttonen, J. et al},
    year = {2021},
    pages = {43--62},
    title = {Artificial Intelligence for Career Guidance – Current Requirements and Prospects for the Future},
    volume = {9},
    journal = {IAFOR Journal of Education},
    doi = {10.22492/ije.9.4.03}
}

@inproceedings{Chekalev,
  author    = {Chekalev, A. and Khlobystova, A. and Abramov, M.},
  title     = {Community Theme Analyser: Predicting Career Guidance in Online Social Networks},
  booktitle = {Proceedings of the Eighth International Scientific Conference “Intelligent Information Technologies for Industry” (IITI’24), Volume 2},
  year      = {2024},
  publisher = {Springer Nature Switzerland},
  address   = {Cham},
  pages     = {153--162},
  isbn      = {978-3-031-77411-9}
}

@article{Oliseenko,
    author = {Oliseenko, Valerii and Ivaschenko, Anastasia and Korepanova, A. and Tulupyeva, T.},
    year = {2024},
    title = {Automating the Temperament Assessment of Online Social Network Users},
    volume = {108},
    journal = {Doklady Mathematics},
    doi = {10.1134/S1064562423701041}
}

@article{Chu,
    author = {Chu, Chu and Russell, Mary and Hoff, Kevin and Phan, Wei Ming Jonathan and Rounds, James},
    year = {2022},
    title = {What Do Interest Inventories Measure? The Convergence and Content Validity of Four RIASEC Inventories},
    journal = {Journal of Career Assessment},
    doi = {10.31234/osf.io/ns6jf}
}

@article{Hoff,
    author = {Hoff, Kevin at al},
    year = {2024},
    title = {Interested and employed? A national study of gender differences in basic interests and employment},
    volume = {148},
    journal = {Journal of Vocational Behavior},
    doi = {10.1016/j.jvb.2023.103942}
}

@article{Mason,
    author = {Mason, Rod and Roodenburg, John},
    year = {2023},
    title = {Personality and vocational interest typologies associated with better coping and resilience in paramedicine: A review of two models},
    volume = {21},
    journal = {Paramedicine},
    doi = {10.1177/27536386231199289}
}

@article{Hurtado,
    author = {Sandra M. Hurtado Rúa and Graham B. Stead and Ashley E. Poklar},
    title ={Five-Factor Personality Traits and RIASEC Interest Types: A Multivariate Meta-Analysis},
    journal = {Journal of Career Assessment},
    volume = {27},
    number = {3},
    pages = {527--543},
    year = {2019},
    doi = {10.1177/1069072718780447}
}

@article{Yamashita,
    author = {Yamashita, Jumpei and Iwai, Ritsuko and Oishi, Haruo and Kumada, Takatsune},
    year = {2024},
    pages = {201--217},
    title = {Personality Traits Systematically Explain the Semantic Arrangement of Occupational Preferences},
    volume = {45},
    journal = {Journal of Individual Differences},
    doi = {10.1027/1614-0001/a000423}
}

@online{vk_psychotests,
    author    = {{Лаборатория прикладного искусственного интеллекта СПб ФИЦ РАН}},
    title     = {Мини-приложение «Психологические тесты»},
    url       = {https://vk.com/app7794698},
    urldate   = {22.05.2025},
    language  = {russian}
}

@article{Schuerger,
    author = {Schuerger, J.},
    year = {1995},
    pages = {157--175},
    title = {Career Assessment and The Sixteen Personality Factor Questionnaire},
    volume = {3},
    journal = {Journal of Career Assessment},
    doi = {10.1177/106907279500300204}
}

@inproceedings{Bogacheva,
    author = {Bogacheva, Eugenia and Tatarenko, Filipp and Smetannikov, Ivan},
    year = {2020},
    pages = {93--98},
    title = {Predicting Vocational Personality Type from Socio-demographic Features Using Machine Learning Methods},
    booktitle={International Conference on Control, Robotics and Intelligent System},
    doi = {10.1145/3437802.3437819}
}

@article{Song,
    author = {Song, Q. Chelsea and Shin, Hyun Joo and Tang, Chen and Hanna, Alexis and Behrend, Tara},
    year = {2022},
    title = {Investigating machine learning's capacity to enhance the prediction of career choices},
    volume = {77},
    journal = {Personnel Psychology},
    doi = {10.1111/peps.12529}
}

@article{Prediger,
    author = {Prediger, Dale and Vansickle, Timothy},
    year = {1992},
    pages = {111--128},
    title = {Locating occupations on Holland's hexagon: Beyond RIASEC},
    volume = {40},
    journal = {Journal of Vocational Behavior},
    doi = {10.1016/0001-8791(92)90060-D}
}

@article{Usslepp,
    author = {Usslepp, Nele and Hübner, Nicolas and Stoll, Gundula and Spengler, Marion and Trautwein, Ulrich and Nagengast, Benjamin},
    year = {2020},
    title = {RIASEC Interests and the Big Five Personality Traits Matter for Life Success—But Do They Already Matter for Educational Track Choices?},
    volume = {88},
    journal = {Journal of Personality},
    doi = {10.1111/jopy.12547}
}

@inproceedings{Silva,
    author    = {Silva, Amila},
    title     = {JPLink: On Linking Jobs to Vocational Interest Types},
    booktitle = {Advances in Knowledge Discovery and Data Mining},
    year      = {2020},
    publisher = {Springer International Publishing},
    address   = {Cham},
    pages     = {220--232},
    isbn      = {978-3-030-47436-2},
}

@article{Stankevich,
    author = {Stankevich, Maksim and Ignatiev, Nikolay and Smirnov, Ivan and Kiselnikova, Natalia},
    year = {2019},
    pages = {80--87},
    title = {Personality Traits Prediction from Vkontakte Social Media},
    journal = {Voprosy kiberbezopasnosti},
    doi = {10.21681/2311-3456-2019-4-80-87}
}

@inproceedings{Titov,
    author={Titov, Sergey and Novikov, Pavel and Mararitsa, Larisa},
    booktitle={2019 25th Conference of Open Innovations Association}, 
    title={Full-scale Personality Prediction on VKontakte Social Network and its Applications}, 
    year={2019},
    pages={317--323},
    doi={10.23919/FRUCT48121.2019.8981513}
}

@article{Basaran,
    author = {Başaran, Seren and Ejimogu, Obinna},
    year = {2021},
    title = {A Neural Network Approach for Predicting Personality From Facebook Data},
    journal = {Sage Open}
}

@article{Aydıntan,
    author = {Aydıntan, Belgin and Koç, Hakan},
    year = {2016},
    title = {The Relationship between Job Satisfaction and Life Satisfaction: An Empirical Study on Teachers},
    journal = {International Journal of Business and Social Science},
    volume = {7}
}

@article{Cannas,
    author = {Cannas, Massimo and Sergi, Bruno and Sironi, Emiliano and Mentel, Urszula},
    year = {2019},
    pages = {183--196},
    title = {Job satisfaction and subjective well-being in Europe},
    volume = {12},
    journal = {Economics and Sociology},
    doi = {10.14254/2071-789X.2019/12-4/11}
}

@article{Medgyesi,
    author = {Medgyesi, Marton and Zolyomi, Eszter},
    year = {2016},
    title = {Job satisfaction and satisfaction in financial situation and their impact on life satisfaction. Social Situation Monitor Research Note 6/2016},
    journal = {Directorate-General for Employment, Social Affairs and Inclusion 2016}
}

@misc{FZ489,
  key          = {N489-ФЗ},
  title        = {Федеральный закон от 30 декабря 2020 г. № 489-ФЗ "О молодежной политике в Российской Федерации"},
  howpublished = {Собрание законодательства Российской Федерации, 2021, № 1, ст. 1},
  year         = {2020},
  institution  = {Государственная Дума Российской Федерации},
  address      = {Москва},
  language     = {russian}
}

@article{Batista,
    author = {Batista, Jonatan and Guedes-Gondim, Sonia},
    year = {2022},
    pages = {719},
    title = {Personality and Person-Work Environment Fit: A Study Based on the RIASEC Model},
    volume = {20},
    journal = {International Journal of Environmental Research and Public Health},
    doi = {10.3390/ijerph20010719}
}

@article{Martins,
    author = {Martins, Gustavo at al},
    year = {2024},
    title = {Assessment of Vocational Interests by Areas of Psychology: Relations with the Big Five and RIASEC},
    journal = {Trends in Psychology},
    doi = {10.1007/s43076-024-00397-w}
}

@article{Thamrin,
    author = {Thamrin, Thamrin and Giatman, Giatman and Syah, Nuhasan},
    year = {2023},
    pages = {740},
    title = {Reliability and Validity of RIASEC Holland's on Predicting Success Career for Vocational Students},
    volume = {9},
    journal = {Jurnal Kependidikan},
    doi = {10.33394/jk.v9i3.8704}
}

@article{Ivaschenko,
    author = {Ivaschenko, Anastasia and Abramov, Maxim and Stoliarova, Valerie},
    year = {2023},
    pages = {564--574},
    title = {Exploring the possibility of predicting users' career guidance preferences based on analysis of community topics and the gender in the online social network users' profiles},
    volume = {23},
    journal = {Scientific and Technical Journal of Information Technologies, Mechanics and Optics},
    doi = {10.17586/2226-1494-2023-23-3-564-574}
}

@article{Stoliarova,
    author = {Stoliarova, Valerie and Bushmelev, Fedor and Abramov, Maxim},
    year = {2023},
    title = {Associations between the Avatar Characteristics and Psychometric Test Results of VK Social Media Users},
    volume = {11},
    journal = {Mathematics},
    doi = {10.3390/math11204300}
}

@article{Nye,
    author = {Nye, Christopher},
    year = {2022},
    title = {Assessing Interests in the Twenty-First-Century Workforce: Building on a Century of Interest Measurement},
    volume = {9},
    journal = {Annual Review of Organizational Psychology and Organizational Behavior},
    doi = {10.1146/annurev-orgpsych-012420-083120}
}

@article{Schmieschek,
    title = {Questionnaire for the determination of accentuated personalities},
    author = {H. G. Schmieschek},
    journal = {Psychiatrie, Neurologie, und medizinische Psychologie},
    year = {1970},
    volume = {22 10},
    pages = {378--81}
}

@article{Eysenck,
    title = {A revised version of the Psychoticism scale},
    author = {Eysenck, Hans and Eysenck, Sybil and Barrett, Paul},
    journal = {Personality and Individual Differences},
    year = {1985},
    volume = {6},
    pages = {21--29}
}

@article{Costa,
    author = {Costa, Paul and Mccrae, R.},
    year = {1992},
    title = {Neo PI-R professional manual},
    volume = {396},
    journal = {Psychological Assessment Resources}
}

@article{Tsuji,
    title = {Five-factor model of personality: Concept, structure, and measurement of personality traits},
    author = {Heijiro Tsuji and Yutaka Fujishima},
    journal = {Japanese Psychological Review},
    pages = {239–-259},
    volume = {40(2)},
    year = {1997}
}

@book{Khromov,
    author    = {Хромов, А. Б.},
    title     = {Пятифакторный опросник личности (5PFQ): учебно-методическое пособие},
    publisher = {КГУ},
    year      = {2000},
    address   = {Курган},
    pages     = {23},
    isbn      = {5-86328-381-5},
    language  = {russian}
}

@article{Schwartz,
    author = {Schwartz, Shalom and Cieciuch, Jan and Vecchione, Michele and Davidov, Eldad},
    year = {2012},
    pages = {663--88},
    title = {Refining the Theory of Basic Individual Values},
    volume = {103},
    journal = {Journal of Personality and Social Psychology},
    doi = {10.1037/a0029393}
}

@article{Cattell,
    author = {Cattell, Heather and Mead, Alan},
    year = {2008},
    title = {The Sixteen Personality Factor Questionnaire (16PF)},
    journal = {Sage Publications},
    doi = {10.4135/9781849200479.n7}
}

@book{Kortneva,
    author    = {Кортнева, Ю. В.},
    title     = {Диагностика актуальной проблемы: методика Леонгарда–Шмишека},
    publisher = {Институт общегуманитарных исследований},
    address   = {Москва},
    year      = {2004},
    numpages  = {237},
    isbn      = {5-88230-151-3},
    language  = {russian}
}

@book{Sukhodolsky,
    author    = {Суходольский, Г. В.},
    title     = {Математическая психология},
    publisher = {Гуманитарный Центр},
    address   = {Харьков},
    year      = {2006},
    numpages  = {358},
    isbn      = {966-8324-24-2},
    language  = {russian}
}

@book{Karandashev,
    author    = {Карандашев, В. Н.},
    title     = {Методика Шварца для изучения ценностей личности: концепция и методическое руководство},
    series    = {Практикум по психодиагностике},
    publisher = {Речь},
    address   = {Санкт-Петербург},
    year      = {2004},
    numpages  = {69},
    isbn      = {5-9268-0299-7},
    language  = {russian}
}

@book{Shmelev,
    author    = {Шмелёв, А. Г.},
    title     = {Психодиагностика личностных черт},
    publisher = {Речь},
    address   = {Санкт-Петербург},
    year      = {2002},
    numpages  = {480},
    isbn      = {5-9268-0084-6},
    language  = {russian}
}


%% Источники по методам

% ML, PCA, regr, MonteCarlo, ensembles, etc
@book{Bishop,
  author    = {Christopher M. Bishop},
  title     = {Pattern Recognition and Machine Learning},
  year      = {2006},
  publisher = {Springer},
  address   = {New York},
  isbn      = {978-0-387-31073-2},
  pages     = {140--155},
  note      = {Chapter on Linear Models for Regression}
}

% multitarget regression
@article{Spyromitros,
    author = {Spyromitros-Xioufis, Eleftherios and Groves, William and Tsoumakas, Grigorios and Vlahavas, I.},
    year = {2012},
    title = {Multi-Label Classification Methods for Multi-Target Regression},
    journal = {arXiv}
}

% classification
@article{ZhangMin,
    author = {Zhang, Min-Ling and Zhou, Zhi-Hua},
    year = {2014},
    pages = {1819--1837},
    title = {A Review On Multi-Label Learning Algorithms},
    volume = {26},
    journal = {Knowledge and Data Engineering, IEEE Transactions on},
    doi = {10.1109/TKDE.2013.39}
}

% learn-to-rank
@article{Burges,
    author = {Burges, Christopher},
    year = {2010},
    title = {From RankNet to LambdaRank to LambdaMART: An Overview},
    volume = {11},
    journal = {Learning},
    url = {https://api.semanticscholar.org/CorpusID:397316}
}

% Ensembles and weights optim
@book{ZhangC,
    author = {Zhang, C. and Ma, Y.},
    year = {2012},
    pages = {1--329},
    title = {Ensemble machine learning: Methods and applications},
    doi = {10.1007/9781441993267}
}

@article{Bischl,
    author = {Bischl, Bernd and Binder, Martin and Lang, Michel and Pielok},
    year = {2023},
    title = {Hyperparameter optimization: Foundations, algorithms, best practices, and open challenges},
    volume = {13},
    journal = {Wiley Interdisciplinary Reviews: Data Mining and Knowledge Discovery},
    doi = {10.1002/widm.1484}
}

% PSO
@article{YouGui,
    author = {You, Gui-Rong and Shiue, Yeou-Ren and Yeh, Wei-Chang and Chen, Xi-Li and Chen, Chih-Ming},
    year = {2020},
    pages = {255},
    title = {A Weighted Ensemble Learning Algorithm Based on Diversity Using a Novel Particle Swarm Optimization Approach},
    volume = {13},
    journal = {Algorithms},
    doi = {10.3390/a13100255}
}

% Shap
@article{Sofiane,
    author = {Sofiane, Touati and Radjef, Mohammed Said and Sais, Lakhdar},
    year = {2020},
    title = {A Bayesian Monte Carlo Method for Computing the Shapley Value: Application to Weighted Voting and Bin Packing Games},
    journal = {Computers and Operations Research},
    doi = {10.1016/j.cor.2020.105094}
}

% imputation
@book{Buuren,
    author = {Buuren, Stef},
    edition   = {2nd},
    year      = {2018},
    publisher = {Chapman and Hall / CRC},
    title = {Flexible Imputation of Missing Data, Second Edition},
    isbn = {9780429492259},
    doi = {10.1201/9780429492259}
}
